<record xmlns='http://www.loc.gov/MARC21/slim'><leader>01258cim a22003372u 4500</leader><controlfield tag='001'>3601347</controlfield><controlfield tag='005'>20151214182834.0</controlfield><controlfield tag='007'>ss|lmnjluz|nuu</controlfield><controlfield tag='008'>991101s1984    nyunnn         l    eng d</controlfield><datafield ind1=' ' ind2=' ' tag='035'><subfield code='a'>(NIC)notisASF8412</subfield></datafield><datafield ind1=' ' ind2=' ' tag='035'><subfield code='a'>3601347</subfield></datafield><datafield ind1=' ' ind2=' ' tag='035'><subfield code='a'>(OCoLC)63897441</subfield></datafield><datafield ind1=' ' ind2=' ' tag='040'><subfield code='a'>NIC</subfield><subfield code='c'>NIC</subfield><subfield code='d'>NIC</subfield><subfield code='d'>NIC</subfield></datafield><datafield ind1='1' ind2=' ' tag='100'><subfield code='a'>Wettig-Danielmeier, Inge,</subfield><subfield code='d'>1936-</subfield></datafield><datafield ind1='1' ind2='0' tag='245'><subfield code='a'>Women and the West German peace movement</subfield><subfield code='h'>[sound recording]</subfield></datafield><datafield ind1=' ' ind2=' ' tag='260'><subfield code='c'>1984.</subfield></datafield><datafield ind1=' ' ind2=' ' tag='300'><subfield code='a'>1 sound cassette (85 min.) :</subfield><subfield code='b'>analog, mono.</subfield></datafield><datafield ind1=' ' ind2=' ' tag='500'><subfield code='a'>Recorded in Ithaca, NY by Cornell University.</subfield></datafield><datafield ind1=' ' ind2=' ' tag='500'><subfield code='a'>Sponsored by: Peace Studies Program,Women&apos;s Studies Program.</subfield></datafield><datafield ind1=' ' ind2=' ' tag='518'><subfield code='a'>Lecture, February 24, 1984.</subfield></datafield><datafield ind1=' ' ind2=' ' tag='520'><subfield code='a'>Wettig-Danielmeier dicusses the role of women in West German politics and the peace movement.</subfield></datafield><datafield ind1=' ' ind2='0' tag='651'><subfield code='a'>Germany (West)</subfield><subfield code='x'>Politics and government.</subfield></datafield><datafield ind1=' ' ind2='0' tag='650'><subfield code='a'>Peace</subfield><subfield code='x'>Societies, etc.</subfield></datafield><datafield ind1=' ' ind2='0' tag='650'><subfield code='a'>Women and peace.</subfield></datafield><datafield ind1=' ' ind2='7' tag='650'><subfield code='a'>Peace</subfield><subfield code='x'>Societies, etc.</subfield><subfield code='2'>fast</subfield><subfield code='0'>(OCoLC)fst01055832</subfield></datafield><datafield ind1=' ' ind2='7' tag='650'><subfield code='a'>Political science</subfield><subfield code='2'>fast</subfield><subfield code='0'>(OCoLC)fst01069781</subfield></datafield><datafield ind1=' ' ind2='7' tag='650'><subfield code='a'>Women and peace</subfield><subfield code='2'>fast</subfield><subfield code='0'>(OCoLC)fst01177101</subfield></datafield><datafield ind1=' ' ind2='7' tag='651'><subfield code='a'>Germany (West)</subfield><subfield code='2'>fast</subfield><subfield code='0'>(OCoLC)fst01210273</subfield></datafield><datafield ind1='1' ind2=' ' tag='899'><subfield code='a'>CULectures</subfield></datafield><datafield ind1=' ' ind2=' ' tag='905'><subfield code='a'>20000407120000.0</subfield></datafield><datafield ind1='2' ind2=' ' tag='948'><subfield code='a'>20141221</subfield><subfield code='b'>m</subfield><subfield code='d'>batch</subfield><subfield code='e'>lts</subfield><subfield code='x'>addfast</subfield></datafield></record>